@book{Aho:72,
    author  = {Alfred V. Aho and Jeffrey D. Ullman},
    title   = {The Theory of Parsing, Translation and Compiling},
    year    = "1972",
    volume  = "1",
    publisher = {Prentice-Hall},
    address = {Englewood Cliffs, NJ}
}

@article{Segall2012,
  author          = {Jordan Segall and Alex Zamoshchin},
  title           = {Predicting Reddit Post Popularity},
  year            = {2012},
  howpublished = "\url{http://cs229.stanford.edu/proj2012/ZamoshchinSegall-PredictingRedditPostPopularity.pdf}"
}

@article{Shuaibi2019,
  author          = {Ahmed Shuaibi},
  title           = {Predicting the Popularity of Reddit Posts},
  year            = {2019},
  howpublished = "\url{http://cs229.stanford.edu/proj2019spr/report/42.pdf}"
}

@article{Terentiev2014,
  author          = {Andrei Terentiev and Alanna Tempest},
  title           = {Predicting Reddit Post Popularity Via Initial Commentary},
  year            = {2014},
  howpublished = "\url{http://cs229.stanford.edu/proj2014/Terentiev%20Tempest,Predicting%20Reddit%20Post%20Popularity%20ViaInitial%20Commentary.pdf}"
}

@article{Pushshiftio2020,
  author    = {Jason Baumgartner and
               Savvas Zannettou and
               Brian Keegan and
               Megan Squire and
               Jeremy Blackburn},
  title     = {The Pushshift Reddit Dataset},
  journal   = {CoRR},
  volume    = {abs/2001.08435},
  year      = {2020},
  url       = {https://arxiv.org/abs/2001.08435},
  eprinttype = {arXiv},
  eprint    = {2001.08435},
  timestamp = {Fri, 24 Jan 2020 15:00:57 +0100},
  biburl    = {https://dblp.org/rec/journals/corr/abs-2001-08435.bib},
  bibsource = {dblp computer science bibliography, https://dblp.org}
}

@article{Sbert2019,
  author    = {Nils Reimers and
               Iryna Gurevych},
  title     = {Sentence-BERT: Sentence Embeddings using Siamese BERT-Networks},
  journal   = {CoRR},
  volume    = {abs/1908.10084},
  year      = {2019},
  url       = {http://arxiv.org/abs/1908.10084},
  eprinttype = {arXiv},
  eprint    = {1908.10084},
  timestamp = {Thu, 26 Nov 2020 12:13:54 +0100},
  biburl    = {https://dblp.org/rec/journals/corr/abs-1908-10084.bib},
  bibsource = {dblp computer science bibliography, https://dblp.org}
}

@article{scikit-learn2011,
 title={Scikit-learn: Machine Learning in {P}ython},
 author={Pedregosa, F. and Varoquaux, G. and Gramfort, A. and Michel, V.
         and Thirion, B. and Grisel, O. and Blondel, M. and Prettenhofer, P.
         and Weiss, R. and Dubourg, V. and Vanderplas, J. and Passos, A. and
         Cournapeau, D. and Brucher, M. and Perrot, M. and Duchesnay, E.},
 journal={Journal of Machine Learning Research},
 volume={12},
 pages={2825--2830},
 year={2011}
}